@misc{dartcom,
title = {{Dartcom- Weather satellite and remote sensing ground stations}},
url = {http://www.dartcom.co.uk/home}
}
