Automatically generated by Mendeley Desktop 1.16.3
Any changes to this file will be lost if it is regenerated by Mendeley.

BibTeX export options can be customized via Options -> BibTeX in Mendeley Desktop

@book{EIS,
author = {{Ministry for the Environment of New Zealand}},
file = {:C$\backslash$:/Users/Sergi/Documents/Projecte Astrea/astrea/Enviromental impact study/space-launch-vehicle-discussion-doc.pdf:pdf},
isbn = {9780908339532},
pages = {37},
title = {{Proposed regulation of jettisoned material from space launch vehicles under the Exclusive Economic Zone and Continental Shelf (Envionmental Effects)}},
year = {2012}
}
