Automatically generated by Mendeley Desktop 1.16.3
Any changes to this file will be lost if it is regenerated by Mendeley.

BibTeX export options can be customized via Options -> BibTeX in Mendeley Desktop

@book{Howard,
author = {Curtis, Howard D.},
file = {:C$\backslash$:/Users/micke/Google Drive/upc/4A/Projectes/ref/OrbitalMechanicsForEngineeringStudents-AerospaceEngineering.pdf:pdf},
isbn = {9788578110796},
publisher = {Elsevier},
title = {{Orbital Mechanics for Engineering Students}},
volume = {3rd editio},
year = {2014}
}
