@article{Synchronization2012,
abstract = {Washington D.C, US},
author = {CCSDS},
file = {:C$\backslash$:/Users/Eva Mar{\'{i}}a/Desktop/CCSDS 230.1-G-2.pdf:pdf},
journal = {CCSDS Green Book},
number = {November 2012},
title = {{TM Synchronization and Channel Codingâ€”Summary of Concept and Rationale}},
url = {http://public.ccsds.org/publications/archive/130x1g2.pdf},
year = {2012}
}
