@misc{GomSpace2016,
author = {GomSpace},
title = {{NanoCom Communication Modules}},
url = {http://gomspace.com/index.php?p=products-s100},
urldate = {22/12/2016},
year = {2016}
}
