@misc{UCSUSA,
author = {UCSUSA},
booktitle = {2016},
title = {{UCS Satellite Database}},
url = {http://www.ucsusa.org/nuclear-weapons/space-weapons/satellite-database{\#}.WFcP-Ng1{\_}IU},
urldate = {22/12/2016}
}
