@article{Secretariat2014,
abstract = {Washington D.C, US},
author = {Secretariat, CCSDS},
file = {:C$\backslash$:/Users/Eva Mar{\'{i}}a/Desktop/130x0g3.pdf:pdf},
number = {CCSDS 130.0-G-3},
pages = {43},
title = {{Overview of Space Communications Protocols}},
url = {http://public.ccsds.org/publications/archive/130x0g3.pdf},
year = {2014}
}
