@misc{CraigClark,
author = {Craig Clark},
title = {{Constellations of CubeSats are revolutionising how we use satellites}},
url = {http://www.wired.co.uk/article/viva-los-cubesats}
}
@misc{UN,
author = {UN},
title = {{Liability Convention}},
url = {http://www.unoosa.org/oosa/en/ourwork/spacelaw/treaties/introliability-convention.html},
urldate = {2016-12-14}
}
@misc{allianz,
title = {{AGCS SpaceCo: specialists in satellite insurance and space insurance}},
url = {http://www.agcs.allianz.com/services/space/},
urldate = {2016-12-14}
}

