@article{CCSDS2010,
author = {CCSDS},
file = {:C$\backslash$:/Users/Eva Mar{\'{i}}a/Desktop/232x0b3.pdf:pdf},
number = {September},
title = {{TC Space Data Link Protocol}},
year = {2010}
}
