@misc{CanadaGovernment,
abstract = {Fees},
author = {{Canada Government}},
title = {http://www.ic.gc.ca/eic/site/smt-gst.nsf/eng/sf01027.html{\#}a4}
}
@misc{CanadaGovernmenta,
abstract = {Form},
author = {{Canada Government}},
title = {http://www.ic.gc.ca/eic/site/smt-gst.nsf/eng/sf00023.html}
}
@misc{UKMHzFees,
abstract = {Fees MHz},
author = {{Government UK}},
title = {https://www.ofcom.org.uk/{\_}{\_}data/assets/pdf{\_}file/0038/66899/fees{\_}for{\_}grant{\_}of{\_}rsa{\_}for{\_}roes.pdf}
}
@misc{UKAllocation,
abstract = {Frequency allocation},
author = {{UK Government}},
title = {https://www.ofcom.org.uk/{\_}{\_}data/assets/pdf{\_}file/0028/44875/ofw{\_}241{\_}mar{\_}2013.pdf}
}
@misc{UKFees,
abstract = {Fees},
author = {{UK Government}},
title = {https://www.ofcom.org.uk/{\_}{\_}data/assets/pdf{\_}file/0020/27461/fees.pdf}
}
@misc{UKForm,
abstract = {Form},
author = {{UK Government}},
title = {https://www.ofcom.org.uk/{\_}{\_}data/assets/pdf{\_}file/0023/47138/ofw564.pdf}
}
