Automatically generated by Mendeley Desktop 1.17.6
Any changes to this file will be lost if it is regenerated by Mendeley.

BibTeX export options can be customized via Options -> BibTeX in Mendeley Desktop

@article{Kufa,
author = {Alrofiae, Abbas Fadil and Kadhem, Suha Hadi},
file = {:C$\backslash$:/Users/micke/Downloads/85253.pdf:pdf},
number = {2},
title = {{The effects of Sun attraction and solar radiation pressure on Medium Earth orbit Satellites}},
volume = {4},
year = {2012}
}
@book{Versie,
abstract = {Teaching text developed by U.S. Air Force Academy and designed as a first course emphasizes the universal variable formulation. Develops the basic two-body and n-body equations of motion; orbit determination; classical orbital elements, coordinate transformations; differential correction; more. Includes specialized applications to lunar and interplanetary flight, example problems, exercises. 1971 edition.},
author = {Bate, R.R. and Mueller, D.D. and White, J.E.},
booktitle = {New York},
file = {:C$\backslash$:/Users/micke/Downloads/Fundamentals{\_}of{\_}Astrodynamics{\_}VersieRepository{\_}250115.pdf:pdf},
isbn = {0486600610},
pages = {198},
pmid = {3617545},
title = {{Fundamentals of Astrodynamics}},
url = {http://books.google.com/books?hl=en{\&}lr={\&}id=UtJK8cetqGkC{\&}oi=fnd{\&}pg=PR5{\&}dq=FUNDAMENTALS+OF+ASTRODYNAMICS{\&}ots=WB9rR9G1qc{\&}sig=NnGuQtTUyWRsYRLwUMLa5l0Q2Sg},
year = {1971}
}
@article{Junkins,
author = {Junkins, John L},
file = {:C$\backslash$:/Users/micke/Desktop/Integration of Perturbed Orbits{\_}2010-rev2.pdf:pdf},
title = {{Integration of Perturbed Motion}},
year = {2006}
}
