@misc{OVO,
author = {{OVO Energy}},
title = {{Average electricity prices around the world}},
url = {https://www.ovoenergy.com/guides/energy-guides/average-electricity-prices-kwh.html}
}
