@article{Guide2016,
author = {Guide, Payload User},
file = {:Users/Fraixedas/Downloads/RL Payload Users Guide V4.0.pdf:pdf},
number = {December},
title = {{Payload User's Guide}},
year = {2016}
}
