Automatically generated by Mendeley Desktop 1.16.3
Any changes to this file will be lost if it is regenerated by Mendeley.

BibTeX export options can be customized via Options -> BibTeX in Mendeley Desktop

@book{Bate1971,
abstract = {Teaching text developed by U.S. Air Force Academy and designed as a first course emphasizes the universal variable formulation. Develops the basic two-body and n-body equations of motion; orbit determination; classical orbital elements, coordinate transformations; differential correction; more. Includes specialized applications to lunar and interplanetary flight, example problems, exercises. 1971 edition.},
author = {Bate, R.R. and Mueller, D.D. and White, J.E.},
booktitle = {New York},
file = {:C$\backslash$:/Users/micke/Google Drive/upc/4A/Projectes/ref/fundamentals{\_}of{\_}astrodynamics-bate{\_}mueller{\&}white-1971.pdf:pdf},
isbn = {0486600610},
pages = {198},
pmid = {3617545},
title = {{Fundamentals of Astrodynamics}},
url = {http://books.google.com/books?hl=en{\&}lr={\&}id=UtJK8cetqGkC{\&}oi=fnd{\&}pg=PR5{\&}dq=FUNDAMENTALS+OF+ASTRODYNAMICS{\&}ots=WB9rR9G1qc{\&}sig=NnGuQtTUyWRsYRLwUMLa5l0Q2Sg},
year = {1971}
}
