@misc{isis,
title = {{ISIS-Innovative Solutions In Space | The nanosatellite specialist}},
url = {https://www.isispace.nl/}
}
